<?xml version = "1.0" encoding = "UTF-8"?><OAI-PMH xmlns="http://www.openarchives.org/OAI/2.0/" xmlns:xsi="http://www.w3.org/2001/XMLSchema-instance" xsi:schemaLocation="http://www.openarchives.org/OAI/2.0/ http://www.openarchives.org/OAI/2.0/OAI-PMH.xsd"><ListRecords><record><header><identifier>aleph-publish:018378236</identifier></header><metadata><record xmlns="http://www.ddb.de/professionell/mabxml/mabxml-1.xsd"><leader>00893nM2.01200024------h</leader><controlfield tag="LDR">00893nM2.01200024------h</controlfield><controlfield tag="FMT">MH</controlfield><datafield tag="001" ind1="-" ind2="1"><subfield code="a">HT016675714</subfield></datafield><datafield tag="002" ind1="a" ind2="1"><subfield code="a">20110125</subfield></datafield><datafield tag="003" ind1="-" ind2="1"><subfield code="a">20110126</subfield></datafield><datafield tag="026" ind1="-" ind2="1"><subfield code="a">HBZHT016675714</subfield></datafield><controlfield tag="030">37 37 37 3737</controlfield><datafield tag="036" ind1="a" ind2="1"><subfield code="a">XA-RU</subfield></datafield><datafield tag="037" ind1="b" ind2="1"><subfield code="a">rus</subfield></datafield><controlfield tag="050">a|||||||||||||</controlfield><controlfield tag="051">m|||||||</controlfield><datafield tag="070" ind1="-" ind2="1"><subfield code="a">1116</subfield></datafield><datafield tag="070" ind1="b" ind2="1"><subfield code="a">1116</subfield></datafield><datafield tag="080" ind1="-" ind2="1"><subfield code="a">60</subfield></datafield><datafield tag="100" ind1="b" ind2="1"><subfield code="a">Андреева, Г. Ф.</subfield></datafield><datafield tag="104" ind1="b" ind2="1"><subfield code="a">Антоновой, О. Г.</subfield><subfield code="b">[Red.]</subfield></datafield><datafield tag="200" ind1="b" ind2="1"><subfield code="a">Министерство образования и науки Российской Федерации</subfield></datafield><datafield tag="204" ind1="b" ind2="1"><subfield code="a">Российский гос. социальный ун-т</subfield></datafield><datafield tag="208" ind1="b" ind2="1"><subfield code="a">Ин-т социального образования (фил.) РГСУ в г. Саратове</subfield></datafield><datafield tag="331" ind1="-" ind2="1"><subfield code="a">Семья как объект социальной работы</subfield></datafield><datafield tag="335" ind1="-" ind2="1"><subfield code="a">учебное пособие</subfield></datafield><datafield tag="359" ind1="-" ind2="1"><subfield code="a">[Г. Ф. Андреева и др.] ; под ред. О. Г. Антоновой ; М-во образования и науки Российской Федерации, Российский гос. социальный ун-т, Ин-т социального образования (фил.) РГСУ в г. Саратове</subfield></datafield><datafield tag="410" ind1="-" ind2="1"><subfield code="a">Саратов</subfield></datafield><datafield tag="412" ind1="-" ind2="1"><subfield code="a">Наука</subfield></datafield><datafield tag="425" ind1="a" ind2="1"><subfield code="a">2010</subfield></datafield><datafield tag="433" ind1="-" ind2="1"><subfield code="a">349 S.</subfield></datafield><datafield tag="434" ind1="-" ind2="1"><subfield code="a">табл.</subfield></datafield><datafield tag="435" ind1="-" ind2="1"><subfield code="a">20 cm</subfield></datafield><datafield tag="501" ind1="-" ind2="1"><subfield code="a">Библиогр. в тексте</subfield></datafield><datafield tag="503" ind1="-" ind2="1"><subfield code="a">Die Familie als Gegenstand der Sozialen Arbeit</subfield></datafield><datafield tag="516" ind1="-" ind2="1"><subfield code="a">In kyrill. Schr., russ.</subfield></datafield><datafield tag="540" ind1="a" ind2="1"><subfield code="a">978-5-9999-0433-1</subfield></datafield><controlfield tag="SYS">018378236</controlfield><datafield tag="088" ind1=" " ind2=" "><subfield code="a">1116</subfield><subfield code="b">X0001</subfield><subfield code="c">DS 7200 0141</subfield><subfield code="e">Monographie</subfield></datafield></record></metadata></record></ListRecords></OAI-PMH>